<record><leader>00000cas a22000007a 4500</leader><controlfield tag="001">23189973</controlfield><controlfield tag="008">910305d18721872maumr ne      0    0eng d</controlfield><datafield ind1=" " ind2=" " tag="010"><subfield code="a">sn 91063011 </subfield></datafield><datafield ind1=" " ind2=" " tag="040"><subfield code="a">NVH</subfield><subfield code="b">eng</subfield><subfield code="c">NVH</subfield><subfield code="d">OCLCQ</subfield></datafield><datafield ind1=" " ind2=" " tag="042"><subfield code="a">msc</subfield></datafield><datafield ind1="0" ind2="0" tag="245"><subfield code="a">H.C. Bartlett's United States club advertiser.</subfield></datafield><datafield ind1=" " ind2=" " tag="260"><subfield code="a">Royalston, Mass. :</subfield><subfield code="b">H.C. Bartlett</subfield></datafield><datafield ind1=" " ind2=" " tag="300"><subfield code="a">v.</subfield></datafield><datafield ind1=" " ind2=" " tag="310"><subfield code="a">Monthly</subfield></datafield><datafield ind1="1" ind2=" " tag="362"><subfield code="a">Began in Jan. 1872; ceased in 1872.</subfield></datafield><datafield ind1=" " ind2=" " tag="588"><subfield code="a">Description based on: No. 2 (Feb. 1872).</subfield></datafield><datafield ind1=" " ind2=" " tag="752"><subfield code="a">United States</subfield><subfield code="b">Massachusetts</subfield><subfield code="c">Worcester</subfield><subfield code="d">Royalston.</subfield></datafield><datafield ind1="0" ind2="0" tag="785"><subfield code="t">United States (Royalston, Mass.)</subfield><subfield code="w">(DLC)sn 91063012</subfield></datafield></record>